<record><leader>00000cas a22000007a 4500</leader><controlfield tag="001">13306311</controlfield><controlfield tag="008">860318d18771880wvuwr ne      0    0eng d</controlfield><datafield ind1=" " ind2=" " tag="010"><subfield code="a">sn 86092409 </subfield></datafield><datafield ind1=" " ind2=" " tag="040"><subfield code="a">WVC</subfield><subfield code="b">eng</subfield><subfield code="c">WVC</subfield><subfield code="d">OCL</subfield><subfield code="d">OCLCQ</subfield><subfield code="d">NVK</subfield><subfield code="d">OCLCQ</subfield></datafield><datafield ind1=" " ind2=" " tag="042"><subfield code="a">msc</subfield></datafield><datafield ind1="0" ind2=" " tag="130"><subfield code="a">Democrat (New Martinsville, W. Va.)</subfield></datafield><datafield ind1="1" ind2="4" tag="245"><subfield code="a">The democrat.</subfield></datafield><datafield ind1="1" ind2=" " tag="246"><subfield code="i">Issues for Jan. 24-Feb. 14, 1878 called:</subfield><subfield code="a">Wetzel democrat</subfield></datafield><datafield ind1=" " ind2=" " tag="260"><subfield code="a">New Martinsville, W. Va. :</subfield><subfield code="b">D. Long</subfield></datafield><datafield ind1=" " ind2=" " tag="300"><subfield code="a">v.</subfield></datafield><datafield ind1=" " ind2=" " tag="310"><subfield code="a">Weekly</subfield></datafield><datafield ind1="1" ind2=" " tag="362"><subfield code="a">Began in 1877; ceased in 1880?</subfield></datafield><datafield ind1=" " ind2=" " tag="500"><subfield code="a">Editors: Robert McEldowney &amp; W.S. Wiley. Cf. Hardesty, H.H. Hardesty's Historical and Geographical Encyclopedia ... Tyler &amp; Wetzel Co's.</subfield></datafield><datafield ind1=" " ind2=" " tag="588"><subfield code="a">Description based on: Vol. 1, no. 9 (Jan. 24, 1878).</subfield></datafield><datafield ind1=" " ind2=" " tag="752"><subfield code="a">United States</subfield><subfield code="b">West Virginia</subfield><subfield code="c">Wetzel</subfield><subfield code="d">New Martinsville.</subfield></datafield><datafield ind1="0" ind2="0" tag="785"><subfield code="t">Wetzel democrat</subfield><subfield code="w">(DLC)sn 86092410</subfield></datafield><datafield ind1="1" ind2=" " tag="029"><subfield code="a">AU@</subfield><subfield code="b">000040420318</subfield></datafield></record>